@book{comp-geo,
	author       = {Mark de Berg, Otfried Cheong, Marc van Kreveld, Mark Overmars},
	title        = {Computational Geometry},
	publisher    = {Springer},
	date         = {2008},
	keywords     = {comp-geo},
}